@misc{1_singer_2013,
author={Singer, Graham},
title={The History of the Modern Graphics Processor},
url={http://www.techspot.com/article/650-history-of-the-gpu},
urldate={2016-9-21},
journal={TechSpot},
year={2013}
}

@book{2_segalakeley_1994,
author={Segal, Mark and Akeley, Kurt},
title={The OpenGL Graphics System: A Specification},
edition={1},
url={https://www.opengl.org/registry/doc/glspec10.pdf},
urldate={2016-9-21},
publisher={Silicon Graphics, Inc.},
year={1994}
}

@misc{3_van_oosten_2014,
author={van Oosten, Jeremiah},
title={Introduction to DirectX 11},
url={http://www.3dgep.com/introduction-to-directx-11},
urldate={2016-9-21},
journal={3D Game Engine Programming},
year={2014}
}

@misc{4_akeley_2007,
author={Akeley, Kurt and Akin, Allen and Ashbaugh, Ben and Beretta, Bob and Carmack, John and Craighead, Matt and Dyke, Ken and Glanville, Steve and Gold, Michael and Hart, Evan et al.},
title={ARB_vertex_program},
url={https://www.opengl.org/registry/specs/ARB/vertex_program.txt},
urldate={2016-9-23},
journal={Opengl.org},
year={2007}
}

@misc{5_beretta_2013,
author={Beretta, Bob and Brown, Pat and Craighead, Matt and Everitt, Cas and Hart, Evan and Leech, Jon and Licea-Kane, Bill and Poddar, Bimal and Sandmel, Jeremy and Schelter, Jon Paul et al.},
title={ARB_fragment_program},
url={https://www.opengl.org/registry/specs/ARB/fragment_program.txt},
urldate={2016-9-23},
journal={OpenGL.org},
year={2013}
}


@book{6_segalakeley_2004,
author={Segal, Mark and Akeley, Kurt},
title={The OpenGL Graphics System: A Specification},
edition={2},
url={https://www.opengl.org/registry/doc/glspec20.20041022.pdf},
urldate={2016-9-23},
publisher={Silicon Graphics Inc.},
year={2004}
}

@article{7_deering_1988,
author={Deering, Michael and Winner, Stephanie and Schediwy, Bic and Duffy, Chris and Hunt, Neil},
title={The triangle processor and normal vector shader},
volume={22},
DOI={10.1145/378456.378468},
number={4},
journal={ACM SIGGRAPH Computer Graphics},
year={1988},
pages={21-30}
}

@misc{8_geldreichpritchard_2004,
author={Geldreich, Rich and Pritchard, Matt},
title={GDC Vault - Deferred Shading on DX9 Class Hardware and the Xbox},
url={http://www.gdcvault.com/play/1015172/Deferred-Shading-on-DX9-Class},
urldate={2016-9-27},
journal={Gdcvault.com},
year={2004}
}

@inbook{9_shishkovtsov_2006,
author={Shishkovtsov, Oles},
title={Deferred Shading in S.T.A.L.K.E.R.},
edition={3},
url={http://http.developer.nvidia.com/GPUGems2/gpugems2_chapter09.html},
urldate={2016-9-27},
booktitle={GPU Gems 2: Programming Techniques For High-Performance Graphics And General-Purpose Computation},
publisher={Pearson Addison Wesley Prof},
editor={Pharr, MattFernando, Randima},
year={2006}
}

@misc{10_vanderleeuw_2007,
author={van der Leeuw, Michiel},
title={Deferred Rendering in Killzone 2},
year={2007}
}

@misc{11_mittring_2009,
author={Mittring, Martin},
title={A bit more deferred - CryEngine 3},
year={2009}
}

@article{12_saitotakahashi_1990,
author={Saito, Takafumi and Takahashi, Tokiichiro},
title={Comprehensible rendering of 3-D shapes},
volume={24},
DOI={10.1145/97880.97901},
number={4},
journal={ACM SIGGRAPH Computer Graphics},
year={1990},
pages={197-206}
}

@article{13_olssonassarsson_2011,
author={Olsson, Ola and Assarsson, Ulf},
title={Tiled Shading},
volume={15},
DOI={10.1080/2151237x.2011.621761},
number={4},
journal={Journal of Graphics, GPU, and Game Tools},
year={2011},
pages={235-251}
}

@inproceedings{14_harada_2012,
booktitle = {Eurographics 2012 - Short Papers},
editor = {Carlos Andujar and Enrico Puppo},
title = {{Forward+: Bringing Deferred Lighting to the Next Level}},
author = {Harada, Takahiro and McKee, Jay and Yang, Jason C.},
year = {2012},
publisher = {The Eurographics Association},
ISSN = {1017-4656},
DOI = {10.2312/conf/EG2012/short/005-008}
}

@misc{15_mckee_2012,
author={McKee, Jay},
title={Technology Behind AMD's "Leo Demo"},
year={2012}
}

@inproceedings{16_harada_2012,
 author = {Harada, Takahiro},
 title = {A 2.5D Culling for Forward+},
 booktitle = {SIGGRAPH Asia 2012 Technical Briefs},
 series = {SA '12},
 year = {2012},
 isbn = {978-1-4503-1915-7},
 location = {Singapore, Singapore},
 pages = {18:1--18:4},
 articleno = {18},
 numpages = {4},
 url = {http://doi.acm.org/10.1145/2407746.2407764},
 doi = {10.1145/2407746.2407764},
 acmid = {2407764},
 publisher = {ACM},
 address = {New York, NY, USA}
} 

@misc{17_vanoosten_2015,
author={van Oosten, Jeremiah},
title={Forward vs Deferred vs Forward+ Rendering with DirectX 11},
url={http://www.3dgep.com/forward-plus},
urldate={2016-9-29},
journal={3D Game Engine Programming},
year={2015}
}

@misc{18_balestraengstad_2008,
author={Balestra, ChristopheEngstad, Pal-Kristian},
title={The technology of uncharted: Drake’s fortune},
year={2008}
}

@misc{19_andersson_2009,
author={Andersson, Johan},
title={Parallel Graphics in Frostbite – Current \& Future},
year={2009}
}

@inbook{20_olsson_2012,
author={Olsson, Ola and Billeter, Markus and Assarsson, Ulf},
title={Clustered Deferred and Forward Shading},
url={http://dx.doi.org/10.2312/EGGH/HPG12/087-096},
urldate={2016-10-13},
booktitle={Eurographics/ ACM SIGGRAPH Symposium on High Performance Graphics},
publisher={The Eurographics Association},
year={2012}
}

@book{21_ericson_2005,
author={Ericson, Christer},
title={Real-time collision detection},
place={Amsterdam},
publisher={Elsevier},
year={2005}
}

@misc{22_crytek_2017,
author={Crytek},
url={http://www.crytek.com/cryengine/cryengine3/downloads},
urldate={2017-1-4},
journal={Crytek.com},
year={2010}
}

@book{23_wilt_2013,
author={Wilt, Nicholas},
title={The CUDA Handbook: A Comprehensive Guide to GPU Programming},
edition={1},
publisher={Addison-Wesley},
year={2013},
pages={365-383}
}

@misc{24_karras_2012,
author={Karras, Tero},
title={Thinking Parallel, Part II: Tree Traversal on the GPU},
url={https://devblogs.nvidia.com/parallelforall/thinking-parallel-part-ii-tree-traversal-gpu/},
urldate={2017-1-5},
journal={Parallel Forall},
year={2012}
}

@book{25_geforce_gtx_1080_whitepaper_2016,
author={NVIDIA},
edition={1},
url={http://international.download.nvidia.com/geforce-com/international/pdfs/GeForce_GTX_1080_Whitepaper_FINAL.pdf},
urldate={2017-1-6},
publisher={NVIDIA Corporation},
year={2016}
}

@misc{26_vanoosten_2011,
author={van Oosten, Jeremiah},
title={Optimizing CUDA Applications - 3D Game Engine Programming},
url={http://www.3dgep.com/optimizing-cuda-applications/},
urldate={2017-1-6},
journal={3D Game Engine Programming},
year={2011}
},

@book{27_cuda_c_best_practices_guide_2016,
author={NVIDIA},
edition={1},
url={http://docs.nvidia.com/cuda/pdf/CUDA_C_Best_Practices_Guide.pdf},
urldate={2017-1-6},
publisher={NVIDIA Corporation},
year={2016}
}

@misc{28_cuda_programming_guide_2016,
author={NVIDIA},
url={https://docs.nvidia.com/cuda/cuda-c-programming-guide/index.html},
urldate={2017-1-13},
journal={Docs.nvidia.com},
year={2016}
}

@misc{29_young_2010,
author={Young, Eric},
title={DirectCompute Optimizations and Best Practices},
year={2010},
publisher={NVIDIA Corporation},
url={http://on-demand.gputechconf.com/gtc/2010/presentations/S12312-DirectCompute-Pre-Conference-Tutorial.pdf},
urldate={2017-1-20}
}

@book{30_morton_1966,
author={Morton, G. M.},
title={A computer oriented geodetic data base and a new technique in file sequencing},
place={Ottawa},
edition={1},
publisher={International Business Machines Co.},
year={1966}
}

@book{31_dickau_2008,
author={Dickau, Robert},
title={Lebesgue 3D curve, iteration 2},
url={https://commons.wikimedia.org/wiki/File:Lebesgue-3d-step2.png},
urldate={2017-1-31},
year={2008}
}

@article{32_satish_harris_garland_2009,
author={Satish, Nadathur and Harris, Mark and Garland, Michael},
title={Designing efficient sorting algorithms for manycore GPUs},
urldate={2017-2-17},
DOI={10.1109/ipdps.2009.5161005},
journal={2009 IEEE International Symposium on Parallel \& Distributed Processing},
year={2009}
}

@article{33_green_mccoll_bader_2012,
author={Green, Oded and McColl, Robert and Bader, David A.},
title={GPU merge path},
urldate={2017-2-17},
DOI={10.1145/2304576.2304621},
journal={Proceedings of the 26th ACM international conference on Supercomputing - ICS '12},
year={2012}
}

@inbook{34_harris_sengupta_owens_2008,
author={Harris, Mark and Sengupta, Shubhabrata and Owens, John D.},
title={Parallel Prefix Sum (Scan) with CUDA},
edition={1},
urldate={2017-2-17},
booktitle={GPU Gems 3},
publisher={Addison-Wesley},
editor={Nguyen, Hubert},
year={2008},
pages={871-873}
}

@article{35_blelloch_1989,
author={Blelloch, G.E.},
title={Scans as primitive parallel operations},
volume={38},
urldate={2017-2-17},
DOI={10.1109/12.42122},
number={11},
journal={IEEE Transactions on Computers},
year={1989},
pages={1526-1538}
}

@article{36_hillissteele_1986,
author={Hillis, W. DanielSteele, Guy L.},
title={Data parallel algorithms},
volume={29},
urldate={2017-2-21},
DOI={10.1145/7902.7903},
number={12},
journal={Communications of the ACM},
year={1986},
pages={1170-1183}
}

@misc{37_olsson_2015,
author={Olsson, Ola},
title={Introduction to Real-Time Shading with Many Lights},
year={2015}
}

@book{38_foley_1996, 
place={Boston}, 
edition={2}, 
title={Computer Graphics: Principles and Practice}, 
publisher={Addison-Wesley}, 
author={Foley, James D. and van Dam, Andries and Feiner, Steven K. and Hughes, John F.}, year={1996}
}

@article{39_zhang_manocha_hudson_hoff_1997, 
title={Visibility culling using hierarchical occlusion maps}, 
DOI={10.1145/258734.258781}, 
journal={Proceedings of the 24th annual conference on Computer graphics and interactive techniques - SIGGRAPH '97}, 
author={Zhang, Hansong and Manocha, Dinesh and Hudson, Tom and Hoff, Kenneth E.}, 
year={1997}
}

@article{40_clark_1976, 
title={Hierarchical geometric models for visible surface algorithms}, 
volume={19}, DOI={10.1145/360349.360354}, 
number={10}, 
journal={Communications of the ACM}, 
author={Clark, James H.}, 
year={1976}, 
pages={547-554}
}

@phdthesis{41_catmull_1974, 
title={A Subdivision Algorithm for Computer Display of Curved Surfaces}, 
school={University of Utah}, 
author={Catmull, Edwin}, 
year={1974}
}

@misc{42_hargreaves_harris_2004, 
title={Deferred Shading}, 
author={Hargreaves, Shawn and Harris, Mark}, 
year={2004}
}

@misc{43_howes_2012,
title={Making GPGPU Easier - Software and Hardware Improvements in GPU Computing},
author={Howes, Lee},
year={2012}
}

@book{44_amd_gcn_architecture_2012,
author={AMD},
title={AMD Graphics Cores Next (GCN) Architecture},
url={https://www.amd.com/Documents/GCN_Architecture_whitepaper.pdf},
publisher={Advanced Micro Devices Inc.},
year={2012}
}

@misc{McGuire2011Data,
   title = {Computer Graphics Archive},
   author = {Morgan McGuire},
   year = {2017},
   month = {July},
   note = {\small \texttt{https://casual-effects.com/data}},
   url = {https://casual-effects.com/data}
}

@book{lottes_2009,
place={Santa Clara, California, USA},
title={FXAA},
url={http://developer.download.nvidia.com/assets/gamedev/files/sdk/11/FXAA_WhitePaper.pdf},
publisher={NVIDIA Corporation},
author={Lottes, Timothy},
year={2009},
urldate={2017-7-10}
}

@misc{47_Microsoft_2017,
author={Microsoft},
url={https://msdn.microsoft.com/en-us/library/windows/desktop/cc627092(v=vs.85).aspx#Multisample},
journal={Msdn.microsoft.com},
publisher={Microsoft Corporation},
year={2017},
urldate={2017-7-10}
}

@misc{48_dyn4j_2017,
author={dyn4j},
url={http://www.dyn4j.org/2010/01/sat/},
year={2017},
urldate={2017-7-10}
}